@book{Wright_Recht_2022,
  author    = {Stephen J. Wright and Benjamin Recht},
  title     = {Optimization for Data Analysis},
  year      = {2022},
  publisher = {Cambridge University Press},
  address   = {Cambridge}
}

@manual{mosek,
   author = "MOSEK ApS",
   title = "MOSEK Optimizer API for Julia 11.0.17",
   year = 2025,
   url = "https://docs.mosek.com/latest/juliaapi/index.html"
 }

@article{primaldualalgo,
author = {Boyd, Stephen and Parikh, Neal and Chu, Eric and Peleato, Borja and Eckstein, Jonathan},
title = {Distributed Optimization and Statistical Learning via the Alternating Direction Method of Multipliers},
year = {2011},
issue_date = {January 2011},
publisher = {Now Publishers Inc.},
address = {Hanover, MA, USA},
volume = {3},
number = {1},
issn = {1935-8237},
url = {https://doi.org/10.1561/2200000016},
doi = {10.1561/2200000016},
month = jan,
pages = {1–122},
numpages = {122}
}

@Inbook{FG,
author="Nesterov, Yurii",
title="Smooth Convex Optimization",
bookTitle="Lectures on Convex Optimization",
year="2018",
publisher="Springer International Publishing",
address="Cham",
pages="59--137",
isbn="978-3-319-91578-4",
doi="10.1007/978-3-319-91578-4_2",
url="https://doi.org/10.1007/978-3-319-91578-4_2"
}

@book{HB,
  author    = {Boris T. Polyak},
  title     = {Introduction to Optimization},
  publisher = {Optimization Software, Inc.},
  year      = {1987},
  address   = {New York},
  note      = {Chapter 3, Section 3.2: The Heavy Ball Method}
}

@misc{tutorial,
    author    = {Van Scoy, Bryan and Lessard, Laurent},
    title     = {A tutorial on a {L}yapunov-based approach to the analysis of iterative optimization algorithms},
    booktitle = {IEEE Conference on Decision and Control},
    year      = {2023},
    url       = {https://arxiv.org/abs/2309.11377},
    doi       = {2309.11377}
}

@inbook{adam2,
   title={Non-convergence and Limit Cycles in the Adam Optimizer},
   ISBN={9783030304843},
   ISSN={1611-3349},
   url={http://dx.doi.org/10.1007/978-3-030-30484-3_20},
   DOI={10.1007/978-3-030-30484-3_20},
   booktitle={Artificial Neural Networks and Machine Learning – ICANN 2019: Deep Learning},
   publisher={Springer International Publishing},
   author={Bock, Sebastian and Weiß, Martin},
   year={2019},
   pages={232–243} }

@misc{pepit,
      title={{PEPit}: computer-assisted worst-case analyses of first-order optimization methods in Python}, 
      author={Baptiste Goujaud and Céline Moucer and François Glineur and Julien Hendrickx and Adrien Taylor and Aymeric Dieuleveut},
      year={2024},
      eprint={2201.04040},
      archivePrefix={arXiv},
      primaryClass={math.OC},
      url={https://arxiv.org/abs/2201.04040}, 
}

@ARTICLE{iqc,
  author={Megretski, A. and Rantzer, A.},
  journal={IEEE Transactions on Automatic Control}, 
  title={System analysis via integral quadratic constraints}, 
  year={1997},
  volume={42},
  number={6},
  pages={819-830},
  keywords={Robustness;Stability analysis;Power system modeling;Feedback;Control theory;Robust stability;Design engineering;Control system synthesis;Computational modeling;Parameter estimation},
  doi={10.1109/9.587335}
}

@article{drori2012,
author = {Drori, Yoel and Teboulle, Marc},
year = {2012},
month = {06},
pages = {},
title = {Performance of first-order methods for smooth convex minimization: A novel approach},
volume = {145},
journal = {Mathematical Programming},
doi = {10.1007/s10107-013-0653-0}
}

@article{lessard2016,
   title={Analysis and Design of Optimization Algorithms via Integral Quadratic Constraints},
   volume={26},
   ISSN={1095-7189},
   url={http://dx.doi.org/10.1137/15M1009597},
   DOI={10.1137/15m1009597},
   number={1},
   journal={SIAM Journal on Optimization},
   publisher={Society for Industrial & Applied Mathematics (SIAM)},
   author={Lessard, Laurent and Recht, Benjamin and Packard, Andrew},
   year={2016},
   month=jan, pages={57–95} }

@article{taylor2016,
author = {Taylor, Adrien B. and Hendrickx, Julien M. and Glineur, Fran\c{c}ois},
title = {Smooth strongly convex interpolation and exact worst-case performance of first-order methods},
year = {2017},
issue_date = {Jan 2017},
publisher = {Springer-Verlag},
address = {Berlin, Heidelberg},
volume = {161},
number = {1–2},
issn = {0025-5610},
url = {https://doi.org/10.1007/s10107-016-1009-3},
doi = {10.1007/s10107-016-1009-3},
journal = {Math. Program.},
month = jan,
pages = {307–345},
numpages = {39},
keywords = {68Q25, 90C22, 90C25, 90C30, 90C60, First-order methods, Rates of convergence, Semidefinite programming, Smooth convex interpolation, Smooth convex minimization, Worst-case analysis}
}

@inproceedings{adam,
  author       = {Diederik P. Kingma and
                  Jimmy Ba},
  editor       = {Yoshua Bengio and
                  Yann LeCun},
  title        = {Adam: {A} Method for Stochastic Optimization},
  booktitle    = {3rd International Conference on Learning Representations, {ICLR} 2015,
                  San Diego, CA, USA, May 7-9, 2015, Conference Track Proceedings},
  year         = {2015},
  url          = {http://arxiv.org/abs/1412.6980},
  timestamp    = {Thu, 25 Jul 2019 14:25:37 +0200},
  biburl       = {https://dblp.org/rec/journals/corr/KingmaB14.bib},
  bibsource    = {dblp computer science bibliography, https://dblp.org}
}

@article{pesto,
    author = {Stapor, Paul and Weindl, Daniel and Ballnus, Benjamin and Hug, Sabine and Loos, Carolin and Fiedler, Anna and Krause, Sabrina and Hroß, Sabrina and Fröhlich, Fabian and Hasenauer, Jan},
    title = {PESTO: Parameter EStimation TOolbox},
    journal = {Bioinformatics},
    volume = {34},
    number = {4},
    pages = {705-707},
    year = {2017},
    month = {10},
    issn = {1367-4803},
    doi = {10.1093/bioinformatics/btx676},
    url = {https://doi.org/10.1093/bioinformatics/btx676},
    eprint = {https://academic.oup.com/bioinformatics/article-pdf/34/4/705/48913262/bioinformatics\_34\_4\_705.pdf},
}

@article{julia,
      title={Julia: A Fast Dynamic Language for Technical Computing}, 
      author={Jeff Bezanson and Stefan Karpinski and Viral B. Shah and Alan Edelman},
      year={2012},
      eprint={1209.5145},
      archivePrefix={arXiv},
      primaryClass={cs.PL},
      url={https://arxiv.org/abs/1209.5145}, 
}

@article{jump,
  author    = {Miles Lubin and Oscar Dowson and Joaquim Dias Garcia and Joey Huchette and Beno{\^i}t Legat and Juan Pablo Vielma},
  title     = {JuMP 1.0: recent improvements to a modeling language for mathematical optimization},
  journal   = {Mathematical Programming Computation},
  volume    = {15},
  number    = {3},
  pages     = {581--589},
  year      = {2023},
  doi       = {10.1007/s12532-023-00239-3},
  url       = {https://doi.org/10.1007/s12532-023-00239-3},
  issn      = {1867-2957}
}

@article{SCS,
    author       = {Brendan O'Donoghue and Eric Chu and Neal Parikh and Stephen Boyd},
    title        = {Conic Optimization via Operator Splitting and Homogeneous Self-Dual Embedding},
    journal      = {Journal of Optimization Theory and Applications},
    month        = {June},
    year         = {2016},
    volume       = {169},
    number       = {3},
    pages        = {1042-1068},
    url          = {http://stanford.edu/~boyd/papers/scs.html},
}

@article{TMM,
  author  = {Van Scoy, Bryan and Freeman, Randy A. and Lynch, Kevin M.},
  title   = {The fastest known globally convergent first-order method for minimizing strongly convex functions},
  journal = {IEEE Control Systems Letters},
  year    = {2018},
  volume  = {2},
  number  = {1},
  pages   = {49--54},
  url     = {http://ieeexplore.ieee.org/document/7967721/},
  doi     = {10.1109/LCSYS.2017.2722406}
}

@inproceedings{primaldual,
  author    = {Van Scoy, Bryan and Simpson-Porco, John W. and Lessard, Laurent},
  title     = {Automated {L}yapunov analysis of primal-dual optimization algorithms: {A}n interpolation approach},
  booktitle = {IEEE Conference on Decision and Control},
  year      = {2023},
  url       = {https://arxiv.org/abs/2309.11365},
  doi       = {10.1109/CDC49753.2023.10384285}
}

@misc{pdintcond,
      title={Interpolation Conditions for Linear Operators and Applications to Performance Estimation Problems}, 
      author={Nizar Bousselmi and Julien M. Hendrickx and François Glineur},
      year={2024},
      eprint={2302.08781},
      archivePrefix={arXiv},
      primaryClass={math.OC},
      url={https://arxiv.org/abs/2302.08781}, 
}